@article{baldassi2016local,
	Author = {Baldassi, C. and Ingrosso, A. and Lucibello, C. and Saglietti, L. and Zecchina, R.},
	Journal = {{Journal of Statistical Mechanics: Theory and Experiment}},
	Number = {2},
	Pages = {023301},
	Title = {Local entropy as a measure for sampling solutions in constraint satisfaction problems},
	Volume = {2016},
	Year = {2016}}

@article{baldassi2016unreasonable,
	Author = {Baldassi, C. and Borgs, C. and Chayes, J. and Ingrosso, A. and Lucibello, C. and Saglietti, L. and Zecchina, R.},
	Title = {{Unreasonable Effectiveness of Learning Neural Nets: Accessible States and Robust Ensembles}},
	Journal = {arXiv:1605.06444},
	Year = {2016}}

@article{baldassi2015subdominant,
	Author = {Baldassi, C. and Ingrosso, A. and Lucibello, C. and Saglietti, L. and Zecchina, R.},
	Journal = {Physical review letters},
	Number = {12},
	Pages = {128101},
	Title = {Subdominant dense clusters allow for simple learning and high computational performance in neural networks with discrete synapses},
	Volume = {115},
	Year = {2015}}

@inproceedings{dauphin2014identifying,
	Author = {Dauphin, Yann N and Pascanu, Razvan and Gulcehre, Caglar and Cho, Kyunghyun and Ganguli, Surya and Bengio, Yoshua},
	Booktitle = {{NIPS}},
	Title = {Identifying and attacking the saddle point problem in high-dimensional non-convex optimization},
	Year = {2014}}

@inproceedings{denton2014exploiting,
	Author = {Denton, E. L. and Zaremba, W. and Bruna, J. and LeCun, Y. and Fergus, R.},
	Booktitle = {NIPS},
	Title = {Exploiting linear structure within convolutional networks for efficient evaluation},
	Year = {2014}}

@book{talagrand2003spin,
	Author = {Talagrand, M.},
	Publisher = {Springer Science \& Business Media},
	Title = {{Spin glasses: A challenge for mathematicians: Cavity and mean field models}},
	Volume = {46},
	Year = {2003}}

@book{talagrand2010mean,
	Author = {Talagrand, M.},
	Publisher = {Springer Science \& Business Media},
	Title = {{Mean field models for spin glasses: Volume I: Basic examples}},
	Volume = {54},
	Year = {2010}}

@article{braunstein2005survey,
	Author = {Braunstein, A. and M{\'e}zard, M. and Zecchina, R.},
	Journal = {Random Structures \& Algorithms},
	Number = {2},
	Pages = {201--226},
	Title = {{Survey propagation: An algorithm for satisfiability}},
	Volume = {27},
	Year = {2005}}

@article{janzamin2015beating,
	Author = {Janzamin, M. and Sedghi, H. and Anandkumar, A.},
	Title = {{Beating the Perils of Non-Convexity: Guaranteed Training of Neural Networks using Tensor Methods}},
	Journal = {arXiv:1506.08473},
	Year = {2015}}

@inproceedings{dean2012large,
	Author = {Dean, J. and Corrado, G. and Monga, R. and Chen, K. and Devin, M. and Mao, M. and Senior, A. and Tucker, P. and Yang, K. and Le, Q. V. and M. Z. Mao and M.'A. Ranzato and A. Senior and P. Tucker and K. Yang and A. Y. Ng},
	Booktitle = {NIPS},
	Title = {Large scale distributed deep networks},
	Year = {2012}}

@article{kingma2014adam,
	Author = {Kingma, D. and Ba, J.},
	Title = {{Adam: A method for stochastic optimization}},
	Journal = {arXiv:1412.6980},
	Year = {2014}}

@inproceedings{sutskever2013importance,
	Author = {Sutskever, I. and Martens, J. and Dahl, G. and Hinton, G.},
	Booktitle = {ICML},
	Title = {On the importance of initialization and momentum in deep learning},
	Year = {2013}}

@article{ioffe2015batch,
	Author = {Ioffe, S. and Szegedy, C.},
	Title = {{Batch normalization: Accelerating deep network training by reducing internal covariate shift}},
	Journal = {arXiv:1502.03167},
	Year = {2015}}

@article{lecun1998gradient,
	Author = {LeCun, Y. and Bottou, L. and Bengio, Y. and Haffner, P.},
	Journal = {Proceedings of the IEEE},
	Number = {11},
	Pages = {2278--2324},
	Title = {Gradient-based learning applied to document recognition},
	Volume = {86},
	Year = {1998}}

@mastersthesis{krizhevsky2009learning,
	Author = {Krizhevsky, A.},
	School = {Computer Science, University of Toronto},
	Title = {Learning multiple layers of features from tiny images},
	Year = {2009}}

@inproceedings{zhang2015deep,
	Author = {Zhang, S. and Choromanska, A. E. and LeCun, Y.},
	Booktitle = {NIPS},
	Title = {{Deep learning with elastic averaging SGD}},
	Year = {2015}}

@inproceedings{bovier2006metastability,
	Author = {Bovier, A. and den Hollander, F.},
	Booktitle = {International Congress of Mathematicians},
	Pages = {499--518},
	Title = {{Metastability: A potential theoretic approach}},
	Volume = {3},
	Year = {2006}}

@article{bottou1998online,
	Author = {Bottou, L.},
	Journal = {On-line learning in neural networks},
	Number = {9},
	Pages = {142},
	Title = {Online learning and stochastic approximations},
	Volume = {17},
	Year = {1998}}

@article{courbariaux2016binarynet,
	Author = {Courbariaux, M. and Bengio, Y.},
	Title = {{Binarynet: Training deep neural networks with weights and activations constrained to+ 1 or-1}},
	Journal = {arXiv:1602.02830},
	Year = {2016}}

@article{auffinger2013random,
	Author = {Auffinger, A. and {Ben Arous}, G. and {\v{C}}ern{\`y}, J.},
	Journal = {Communications on Pure and Applied Mathematics},
	Number = {2},
	Pages = {165--201},
	Title = {Random matrices and complexity of spin glasses},
	Volume = {66},
	Year = {2013}}

@inproceedings{welling2011bayesian,
	Author = {Welling, M. and Teh, Y. W.},
	Booktitle = {ICML},
	Title = {{Bayesian learning via stochastic gradient Langevin dynamics}},
	Year = {2011}}

@inproceedings{ma2015complete,
	Author = {Ma, Y.-A. and Chen, T. and Fox, E.},
	Booktitle = {NIPS},
	Title = {{A complete recipe for stochastic gradient MCMC}},
	Year = {2015}}

@inproceedings{chen2014stochastic,
	Author = {Chen, T. and Fox, E. B. and Guestrin, C.},
	Booktitle = {ICML},
	Title = {{Stochastic Gradient Hamiltonian Monte Carlo}},
	Year = {2014}}

@article{neal2011mcmc,
	Author = {Neal, R. M.},
	Journal = {Handbook of Markov Chain Monte Carlo},
	Pages = {113--162},
	Title = {{MCMC using Hamiltonian dynamics}},
	Volume = {2},
	Year = {2011}}

@book{robert2013monte,
	Author = {Robert, C. and Casella, G.},
	Publisher = {Springer Science \& Business Media},
	Title = {{Monte Carlo statistical methods}},
	Year = {2013}}

@article{chen2015bridging,
	Author = {Chen, C. and Carlson, D. and Gan, Z. and Li, C. and Carin, L.},
	Title = {{Bridging the gap between stochastic gradient MCMC and stochastic optimization}},
	Journal = {arXiv:1512.07962},
	Year = {2015}}

@article{mandt2016variational,
	Author = {Mandt, S. and Hoffman, M. D. and Blei, D. M.},
	Title = {A Variational Analysis of Stochastic Gradient Algorithms},
	Journal = {arXiv:1602.02666},
	Year = {2016}}

@article{roberts2002langevin,
	Author = {Roberts, G. O. and Stramer, O.},
	Journal = {Methodology and computing in applied probability},
	Number = {4},
	Pages = {337--357},
	Publisher = {Springer},
	Title = {Langevin diffusions and Metropolis-Hastings algorithms},
	Volume = {4},
	Year = {2002}}

@article{lincy13,
	Author = {M. Lin and Q. Chen and S. Yan},
	Title = {Network In Network},
	Journal = {arXiv:1312.4400},
	Year = {2013}}

@article{goodfellow2013maxout,
	Author = {Goodfellow, I. J. and Warde-Farley, D. and Mirza, M. and Courville, A. C. and Bengio, Y.},
	Journal = {ICML},
	Pages = {1319--1327},
	Title = {Maxout networks},
	Volume = {28},
	Year = {2013}}

@article{he2016identity,
	Author = {He, K. and Zhang, X. and Ren, S. and Sun, J.},
	Title = {Identity mappings in deep residual networks},
	Journal = {arXiv:1603.05027},
	Year = {2016}}

@article{springenberg2014striving,
	Author = {Springenberg, J. T. and Dosovitskiy, A. and Brox, T. and Riedmiller, M.},
	Title = {Striving for simplicity: The all convolutional net},
	Journal = {arXiv:1412.6806},
	Year = {2014}}

@article{zagoruyko2016wide,
	Author = {Zagoruyko, S. and Komodakis, N.},
	Title = {{Wide Residual Networks}},
	Journal = {arXiv:1605.07146},
	Year = {2016}}

@article{clevert2015fast,
	Author = {Clevert, D.-A. and Unterthiner, T. and Hochreiter, S.},
	Journal = {arXiv:1511.07289},
	Title = {{Fast and accurate deep network learning by exponential linear units (ELUs)}},
	Year = {2015}}

@inproceedings{lee2016gradient,
	Author = {Lee, J. D. and Simchowitz, M. and Jordan, M. I. and Recht, B.},
	Booktitle = {COLT},
	Title = {Gradient Descent Only Converges to Minimizers},
	Year = {2016}}

@inproceedings{ge2015escaping,
	Author = {Ge, R. and Huang, F. and Jin, C. and Yuan, Y.},
	Booktitle = {COLT},
	Title = {Escaping from saddle points---online stochastic gradient for tensor decomposition},
	Year = {2015}}

@article{anandkumar2016efficient,
	Author = {Anandkumar, A. and Ge, R.},
	Title = {Efficient approaches for escaping higher order saddle points in non-convex optimization},
	Journal = {arXiv:1602.05908},
	Year = {2016}}

@article{calvert1990glossary,
	Author = {Calvert, J. G.},
	Journal = {Pure and applied chemistry},
	Number = {11},
	Pages = {2167--2219},
	Title = {Glossary of atmospheric chemistry terms (Recommendations 1990)},
	Volume = {62},
	Year = {1990}}

@book{sipser2006introduction,
	Author = {Sipser, M.},
	Publisher = {Thomson Course Technology Boston},
	Title = {Introduction to the Theory of Computation},
	Volume = {2},
	Year = {2006}}

@inproceedings{achlioptas2006solution,
	Author = {Achlioptas, D. and Ricci-Tersenghi, F.},
	Booktitle = {ACM symposium on Theory of computing},
	Title = {On the solution-space geometry of random constraint satisfaction problems},
	Year = {2006}}

@book{panchenko2013sherrington,
	Author = {Panchenko, D.},
	Publisher = {Springer Science \& Business Media},
	Title = {{The Sherrington-Kirkpatrick model}},
	Year = {2013}}

@article{bach2014adaptivity,
	Author = {Bach, F. R.},
	Journal = {Journal of Machine Learning Research},
	Number = {1},
	Pages = {595--627},
	Title = {Adaptivity of averaged stochastic gradient descent to local strong convexity for logistic regression.},
	Volume = {15},
	Year = {2014}}

@incollection{bottou2012stochastic,
	Author = {Bottou, L.},
	Booktitle = {Neural Networks: Tricks of the Trade},
	Pages = {421--436},
	Publisher = {Springer},
	Title = {Stochastic gradient descent tricks},
	Year = {2012}}

@incollection{bottou2010large,
	Author = {Bottou, L.},
	Booktitle = {COMPSTAT},
	Title = {Large-scale machine learning with stochastic gradient descent},
	Year = {2010}}

@article{duchi2011adaptive,
	Author = {Duchi, J. and Hazan, E. and Singer, Y.},
	Journal = {Journal of Machine Learning Research},
	Numpages = {39},
	Pages = {2121--2159},
	Title = {Adaptive subgradient methods for online learning and stochastic optimization},
	Volume = {12},
	Year = {2011}}

@incollection{DBLP:journals/corr/SaxeMG13,
	Author = {A. M. Saxe and J. L. McClelland and S. Ganguli},
	Booktitle = {ICLR},
	Title = {Exact solutions to the nonlinear dynamics of learning in deep linear neural networks},
	Year = {2014}}

@book{saad2009line,
	Author = {Saad, D.},
	Publisher = {Cambridge University Press},
	Title = {On-line learning in neural networks},
	Volume = {17},
	Year = {2009}}

@article{saad1995exact,
	Author = {Saad, D. and Solla, S. A.},
	Journal = {Physical Review Letters},
	Number = {21},
	Pages = {4337},
	Publisher = {APS},
	Title = {Exact solution for on-line learning in multilayer neural networks},
	Volume = {74},
	Year = {1995}}

@article{AAC2013,
	Author = {A. Auffinger and G. {Ben Arous}},
	Title = {Complexity of random smooth functions on the high-dimensional sphere},
	Journal = {arXiv:1110.5872},
	Year = {2013}}

@article{PhysRevA.32.1007,
	Author = {Amit, D. J. and Gutfreund, H. and Sompolinsky, H.},
	Journal = {Phys. Rev. A},
	Pages = {1007--1018},
	Title = {Spin-glass models of neural networks},
	Volume = {32},
	Year = {1985}}

@article{0305-4470-30-23-009,
	Author = {K. Nakanishi and H. Takayama},
	Journal = {Journal of Physics A: Mathematical and General},
	Pages = {8085},
	Title = {Mean-field theory for a spin-glass model of neural networks: TAP free energy and the paramagnetic to spin-glass transition},
	Volume = {30},
	Year = {1997}}

@book{Dotsenko1995,
	Author = {V. Dotsenko},
	Publisher = {World Scientific Lecture Notes in Physics},
	Title = {An Introduction to the Theory of Spin Glasses and Neural Networks},
	Year = {1995}}

@article{Bray2007,
	Author = {A. J. Bray and D. S. Dean},
	Journal = {Physics Review Letter},
	Title = {The statistics of critical points of Gaussian fields on large-dimensional spaces},
	Year = {2007}}

@article{Fyodorov2007,
	Author = {Y. V Fyodorov and I. Williams},
	Journal = {Journal of Statistical Physics},
	Title = {Replica Symmetry Breaking Condition Exposed by Random Matrix Calculation of Landscape Complexity},
	Volume = {129(5-6),1081-1116},
	Year = {2007}}

@article{Baldi:1989:NNP:70359.70362,
	Author = {Baldi, P. and Hornik, K.},
	Journal = {Neural Networks},
	Pages = {53--58},
	Title = {Neural Networks and Principal Component Analysis: Learning from Examples Without Local Minima},
	Volume = {2},
	Year = {1989}}

@article{wigner_semicircle,
	Author = {Wigner, E. P.},
	Journal = {The Annals of Mathematics},
	Pages = {325--327},
	Title = {{On the Distribution of the Roots of Certain Symmetric Matrices}},
	Volume = {67},
	Year = {1958}}

@incollection{DBLP:journals/corr/DauphinPGCGB14,
	Author = {Y. Dauphin and R. Pascanu and {\c{C}}. G{\"{u}}l{\c{c}}ehre and K. Cho and S. Ganguli and Y. Bengio},
	Booktitle = {NIPS},
	Title = {Identifying and attacking the saddle point problem in high-dimensional non-convex optimization},
	Year = {2014}}

@inproceedings{spinglass2015,
	Author = {A. Choromanska and M. Henaff and M. Mathieu and G. {Ben Arous} and Y. LeCun},
	Booktitle = {AISTATS},
	Title = {The Loss Surfaces of Multilayer Networks},
	Year = {2015}}

@inproceedings{DBLP:conf/colt/ChoromanskaLA15,
	Author = {A. Choromanska and Y. LeCun and G. {Ben Arous}},
	Booktitle = {COLT},
	Title = {Open Problem: The landscape of the loss surfaces of multilayer networks},
	Year = {2015}}

@inproceedings{kawaguchi2016deep,
	Author = {Kawaguchi, K.},
	Booktitle = {NIPS},
	Title = {Deep Learning without Poor Local Minima},
	Year = {2016}}

@article{soudry2016no,
	Author = {Soudry, D. and Carmon, Y.},
	Title = {No bad local minima: Data independent training error guarantees for multilayer neural networks},
	Journal = {arXiv:1605.08361},
	Year = {2016}}

@inproceedings{DBLP:conf/icml/HazanLS16,
	Author = {E. Hazan and K. Yehuda Levy and S. Shalev{-}Shwartz},
	Booktitle = {ICML},
	Title = {On Graduated Optimization for Stochastic Non-Convex Problems},
	Year = {2016}}

@inproceedings{DBLP:conf/icml/ZhuH16,
	Author = {Z. {Allen Zhu} and E. Hazan},
	Booktitle = {ICML},
	Title = {Variance Reduction for Faster Non-Convex Optimization},
	Year = {2016}}

@article{Kirkpatrick83optimizationby,
	Author = {S. Kirkpatrick and C. D. Gelatt and M. P. Vecchi},
	Journal = {Science},
	Number = {4598},
	Pages = {671--680},
	Title = {Optimization by simulated annealing},
	Volume = {220},
	Year = {1983}}

@article{Yedidia:2005:CFA:2263425.2271720,
	Author = {Yedidia, J. S. and Freeman, W. T. and Weiss, Y.},
	Journal = {IEEE Trans. Inf. Theor.},
	Number = {7},
	Pages = {2282--2312},
	Title = {Constructing Free-energy Approximations and Generalized Belief Propagation Algorithms},
	Volume = {51},
	Year = {2005}}

@article{hochreiter1997long,
	Author = {Hochreiter, S. and Schmidhuber, J.},
	Journal = {Neural computation},
	Number = {8},
	Pages = {1735--1780},
	Publisher = {MIT Press},
	Title = {Long short-term memory},
	Volume = {9},
	Year = {1997}}

@book{wasserman2013all,
	Author = {Wasserman, L.},
	Publisher = {Springer Science \& Business Media},
	Title = {{All of statistics: A concise course in statistical inference}},
	Year = {2013}}

@article{amari1982differential,
	Author = {Amari, S.-I.},
	Journal = {The Annals of Statistics},
	Pages = {357--385},
	Title = {Differential geometry of curved exponential families-curvatures and information loss},
	Year = {1982}}

@inproceedings{DBLP:conf/nips/NeyshaburSS15,
	Author = {B. Neyshabur and R. Salakhutdinov and N. Srebro},
	Booktitle = {NIPS},
	Title = {Path-SGD: Path-Normalized Optimization in Deep Neural Networks},
	Year = {2015}}

@inproceedings{DBLP:journals/corr/NeyshaburWSS16,
	Author = {B. Neyshabur and Y. Wu and R. Salakhutdinov and N. Srebro},
	Booktitle = {NIPS},
	Title = {Path-Normalized Optimization of Recurrent Neural Networks with ReLU Activations},
	Year = {2016}}

@inproceedings{DBLP:journals/corr/NeyshaburTSS15,
	Author = {B. Neyshabur and R. Tomioka and R. Salakhutdinov and N. Srebro},
	Booktitle = {ICLR},
	Title = {Data-Dependent Path Normalization in Neural Networks},
	Year = {2016}}

@inproceedings{DBLP:journals/corr/GoodfellowV14,
	Author = {I. J. Goodfellow and O. Vinyals},
	Booktitle = {ICLR},
	Title = {Qualitatively characterizing neural network optimization problems},
	Year = {2015}}

@article{pearlmutter1994fast,
	Author = {Pearlmutter, Barak A},
	Journal = {Neural computation},
	Number = {1},
	Pages = {147--160},
	Publisher = {MIT Press},
	Title = {Fast exact multiplication by the Hessian},
	Volume = {6},
	Year = {1994}}

@article{hardt2015train,
	Author = {Hardt, Moritz and Recht, Benjamin and Singer, Yoram},
	Journal = {arXiv:1509.01240},
	Title = {{Train faster, generalize better: Stability of stochastic gradient descent}},
	Year = {2015}}

@article{chaudhari2015trivializing,
	Author = {Chaudhari, Pratik and Soatto, Stefano},
	Journal = {arXiv:1511.06485},
	Title = {On the energy landscape of deep networks},
	Year = {2015}}

@article{haeffele2015global,
	Author = {Haeffele, Benjamin D and Vidal, Rene},
	Journal = {arXiv:1506.07540},
	Title = {Global Optimality in Tensor Factorization, Deep Learning, and Beyond},
	Year = {2015}}

@article{saxe2013exact,
	Author = {Saxe, Andrew M and McClelland, James L and Ganguli, Surya},
	Journal = {arXiv:1312.6120},
	Title = {Exact solutions to the nonlinear dynamics of learning in deep linear neural networks},
	Year = {2013}}

@article{salimans2016weight,
	Author = {Salimans, Tim and Kingma, Diederik P},
	Journal = {arXiv:1602.07868},
	Title = {Weight Normalization: A Simple Reparameterization to Accelerate Training of Deep Neural Networks},
	Year = {2016}}

@inproceedings{duvenaud2014avoiding,
	Author = {Duvenaud, David K and Rippel, Oren and Adams, Ryan P and Ghahramani, Zoubin},
	Booktitle = {AISTATS},
	Pages = {202--210},
	Title = {Avoiding pathologies in very deep networks.},
	Year = {2014}}

@techreport{tieleman2012lecture,
	Author = {Tieleman, T and Hinton, G},
	Institution = {Technical report},
	Title = {{Lecture 6.5: RmsProp, Coursera: Neural networks for machine learning}},
	Year = {2012}}

@article{cooijmans2016recurrent,
	Author = {Cooijmans, Tim and Ballas, Nicolas and Laurent, C{\'e}sar and Courville, Aaron},
	Journal = {arXiv:1603.09025},
	Title = {Recurrent Batch Normalization},
	Year = {2016}}

@article{srivastava2014dropout,
	Author = {Srivastava, Nitish and Hinton, Geoffrey E and Krizhevsky, Alex and Sutskever, Ilya and Salakhutdinov, Ruslan},
	Journal = {Journal of Machine Learning Research},
	Number = {1},
	Pages = {1929--1958},
	Title = {Dropout: a simple way to prevent neural networks from overfitting.},
	Volume = {15},
	Year = {2014}}

@inproceedings{montanari2006asymptotic,
	Author = {Montanari, Andrea},
	Booktitle = {Allerton},
	Title = {{The asymptotic error floor of LDPC ensembles under BP decoding}},
	Year = {2006}}

@article{krzakala2012statistical,
	Author = {Krzakala, Florent and M{\'e}zard, Marc and Sausset, Fran{\c{c}}ois and Sun, YF and Zdeborov{\'a}, Lenka},
	Journal = {Physical Review X},
	Number = {2},
	Pages = {021005},
	Title = {Statistical-physics-based reconstruction in compressed sensing},
	Volume = {2},
	Year = {2012}}

@article{mobahi2016training,
	Author = {Mobahi, Hossein},
	Journal = {arXiv:1601.04114},
	Title = {{Training Recurrent Neural Networks by Diffusion}},
	Year = {2016}}

@article{maneva2007new,
	Author = {Maneva, Elitza and Mossel, Elchanan and Wainwright, Martin J},
	Journal = {Journal of the ACM},
	Number = {4},
	Pages = {17},
	Title = {A new look at survey propagation and its generalizations},
	Volume = {54},
	Year = {2007}}

@article{szegedy2013intriguing,
	Author = {Szegedy, Christian and Zaremba, Wojciech and Sutskever, Ilya and Bruna, Joan and Erhan, Dumitru and Goodfellow, Ian and Fergus, Rob},
	Journal = {arXiv:1312.6199},
	Title = {Intriguing properties of neural networks},
	Year = {2013}}

@inproceedings{goodfellow2014generative,
	Author = {Goodfellow, Ian and Pouget-Abadie, Jean and Mirza, Mehdi and Xu, Bing and Warde-Farley, David and Ozair, Sherjil and Courville, Aaron and Bengio, Yoshua},
	Booktitle = {Advances in Neural Information Processing Systems},
	Pages = {2672--2680},
	Title = {Generative adversarial nets},
	Year = {2014}}

@article{silver2016mastering,
	Author = {Silver, David and Huang, Aja and Maddison, Chris J and Guez, Arthur and Sifre, Laurent and Van Den Driessche, George and Schrittwieser, Julian and Antonoglou, Ioannis and Panneershelvam, Veda and Lanctot, Marc and others},
	Journal = {Nature},
	Number = {7587},
	Pages = {484--489},
	Title = {{Mastering the game of Go with deep neural networks and tree search}},
	Volume = {529},
	Year = {2016}}

@article{szegedy2014going,
	Author = {Szegedy, Christian and Liu, Wei and Jia, Yangqing and Sermanet, Pierre and Reed, Scott and Anguelov, Dragomir and Erhan, Dumitru and Vanhoucke, Vincent and Rabinovich, Andrew},
	Journal = {arXiv:1409.4842},
	Title = {Going deeper with convolutions},
	Year = {2014}}

@article{polyak1992acceleration,
  title={Acceleration of stochastic approximation by averaging},
  author={Polyak, Boris T and Juditsky, Anatoli B},
  journal={SIAM Journal on Control and Optimization},
  volume={30},
  number={4},
  pages={838--855},
  year={1992},
  publisher={SIAM}
}

@article{bousquet2002stability,
  title={Stability and generalization},
  author={Bousquet, Olivier and Elisseeff, Andr{\'e}},
  journal={Journal of Machine Learning Research},
  volume={2},
  number={Mar},
  pages={499--526},
  year={2002}
}
@inproceedings{mobahi2015link,
  title={On the link between gaussian homotopy continuation and convex envelopes},
  author={Mobahi, Hossein and Fisher III, John W},
  booktitle={International Workshop on Energy Minimization Methods in Computer Vision and Pattern Recognition},
  pages={43--56},
  year={2015},
  organization={Springer}
}

@article{gulcehre2016mollifying,
  title={Mollifying Networks},
  author={Gulcehre, Caglar and Moczulski, Marcin and Visin, Francesco and Bengio, Yoshua},
  journal={arXiv:1608.04980},
  year={2016}
}

@article{keskar2016large,
  title={On Large-Batch Training for Deep Learning: Generalization Gap and Sharp Minima},
  author={Keskar, Nitish Shirish and Mudigere, Dheevatsa and Nocedal, Jorge and Smelyanskiy, Mikhail and Tang, Ping Tak Peter},
  journal={arXiv:1609.04836},
  year={2016}
}

@article{hochreiter1997flat,
  title={Flat minima},
  author={Hochreiter, Sepp and Schmidhuber, J{\"u}rgen},
  journal={Neural Computation},
  volume={9},
  number={1},
  pages={1--42},
  year={1997},
  publisher={MIT Press}
}

@article{rissanen1978modeling,
  title={Modeling by shortest data description},
  author={Rissanen, Jorma},
  journal={Automatica},
  volume={14},
  number={5},
  pages={465--471},
  year={1978}
}

@article{haussler1997mutual,
  title={Mutual information, metric entropy and cumulative relative entropy risk},
  author={Haussler, David and Opper, Manfred and others},
  journal={The Annals of Statistics},
  volume={25},
  number={6},
  pages={2451--2492},
  year={1997}
}

@book{allgower2012numerical,
  title={Numerical continuation methods: an introduction},
  author={Allgower, Eugene L and Georg, Kurt},
  volume={13},
  year={2012},
  publisher={Springer Science \& Business Media}
}